@inproceedings{inproceedings,
author = {Varela Tapia, Eleanor and Sangacha-Tapia, Lady and Acosta, Iván and Celi, Ricardo},
year = {2022},
month = {03},
pages = {237-241},
title = {Inteligencia Artificial Conversacional para el Diseño de un Asistente Virtual Interactivo},
doi = {10.54808/CICIC2022.01.237}
}