
% Journal paper
@article{smith2023,
  author = {Smith, Jane and Doe, John and Brown, David},
  title = {A Study of Lorem Ipsum},
  journal = {Journal of Placeholder Text},
  volume = {12},
  number = {3},
  pages = {45--67},
  year = {2023},
}

% Web page
%--------------------------------------------------------------------------------------------
@misc{overleaf,
  author = {Overleaf},
  title = {Inserting Images},
  howpublished = {\url{https://cs.overleaf.com/learn/latex/Inserting_Images}},
  note = {Accessed: April 19, 2023},
  year = {2023},
}

@misc{GOOGLE-FORMS,
  author = {Google Forms},
  title = {Inserting Images},
  howpublished = {\url{https://docs.google.com/forms/d/18JVEL9Es6ae_lvm6pQhj0e5W464sZx06enShH_QZqjs/edit}},
  note = {Accessed: May 30, 2023},
  year = {2023},
}
%-------------------------------------------------------------------------------------------

% Thesis
% 'type' could be: Bachelor thesis, Master thesis, or Ph.D. thesis
@phdthesis{bookbuddies,
    type = {Bachelor thesis}, 
    author = {Brink, Fredrika and Hellstrom, Julia and Nordlander, Siri},
    title = {Book Buddies: The Development of a Book Club Application},
    school = {Uppsala University},
    address = {Uppsala, Sweden},
    year = {2021}
}



